@article{Forsythe1977,
  title={Computer methods for mathematical computations},
  author={Forsythe, George Elmer and Moler, Cleve B and Malcolm, Michael A},
  year={1977},
  publisher={Prentice-Hall}
}

@article{Nelder1965,
  title={A simplex method for function minimization},
  author={Nelder, John A and Mead, Roger},
  journal={The Computer Journal},
  volume={7},
  pages={308--313},
  year={1965}
}

@article{Moore2017,
  title={Two-step Adaptive Management for choosing between two management actions},
  author={Moore, Alana L and Walker, Leila and Runge, Michael C and McDonald-Madden, Eve and McCarthy, Michael A},
  journal={Ecological Applications},
  year={2017},
}

@article{Schilizzi2007,
  title={Assessing the performance of conservation auctions: an experimental study},
  author={Schilizzi, Steven and Latacz-Lohmann, Uwe},
  journal={Land Economics},
  volume={83},
  pages={497--515},
  year={2007}
}

@article{Stoneham2003,
  title={Auctions for conservation contracts: an empirical examination of Victoria's BushTender trial},
  author={Stoneham, Gary and Chaudhri, Vivek and Ha, Arthur and Strappazzon, Loris},
  journal={Australian Journal of Agricultural and Resource Economics},
  volume={47},
  pages={477--500},
  year={2003}
}

@article{Latacz1997,
  title={Auctioning conservation contracts: a theoretical analysis and an application},
  author={Latacz-Lohmann, Uwe and Van der Hamsvoort, Carel},
  journal={American Journal of Agricultural Economics},
  volume={79},
  pages={407--418},
  year={1997},
}

@article{Schomers2013,
  title={Payments for ecosystem services: A review and comparison of developing and industrialized countries},
  author={Schomers, Sarah and Matzdorf, Bettina},
  journal={Ecosystem Services},
  volume={6},
  pages={16--30},
  year={2013}
}

@article{Engel2008,
  title={Designing payments for environmental services in theory and practice: An overview of the issues},
  author={Engel, Stefanie and Pagiola, Stefano and Wunder, Sven},
  journal={Ecological economics},
  volume={65},
  number={4},
  pages={663--674},
  year={2008}
}

@techreport{Ribaudo2008,
  title={The use of markets to increase private investment in environmental stewardship},
  author={Ribaudo, Marc and Hansen, LeRoy and Hellerstein, Daniel and Greene, Catherine},
  year={2008},
  institution={U.S. Department of Agriculture}
}

@article{Brown2011,
  title={A uniform price auction for conservation easements in the Canadian prairies},
  author={Brown, Laura K and Troutt, Elizabeth and Edwards, Cynthia and Gray, Brian and Hu, Wanjing},
  journal={Environmental and Resource Economics},
  volume={50},
  pages={49--60},
  year={2011}
}

@article{Kraft1996,
  title={WQIP: an assessment of its chances for acceptance by farmers},
  author={Kraft, Steven E and Lant, Christopher and Gillman, Keith},
  journal={Journal of Soil and Water Conservation},
  volume={51},
  pages={494--498},
  year={1996}
}

@article{Lobley1998,
  title={Environmental stewardship in UK agriculture: a comparison of the environmentally sensitive area programme and the countryside stewardship scheme in South East England},
  author={Lobley, Matt and Potter, Clive},
  journal={Geoforum},
  volume={29},
  pages={413--432},
  year={1998}
}

@article{Mcafee1987,
  title={Auctions and bidding},
  author={McAfee, R Preston and McMillan, John},
  journal={Journal of economic literature},
  volume={25},
  pages={699--738},
  year={1987}
}

@article{Hanley2014,
  title={Incentivizing the provision of ecosystem services},
  author={Hanley, Nick and White, Ben and others},
  journal={International Review of Environmental and Resource Economics},
  volume={7},
  number={3--4},
  pages={299--331},
  year={2014}
}

@article{Hajkowicz2007,
  title={Optimisation and the selection of conservation contracts},
  author={Hajkowicz, Stefan and Higgins, Andrew and Williams, Kristen and Faith, Daniel P and Burton, Michael},
  journal={Australian Journal of Agricultural and Resource Economics},
  volume={51},
  pages={39--56},
  year={2007}
}

@article{Hailu2004,
  title={Are auctions more efficient than fixed price schemes when bidders learn?},
  author={Hailu, Atakelty and Schilizzi, Steven},
  journal={Australian Journal of Management},
  volume={29},
  pages={147--168},
  year={2004}
}

@article{Vesk2008,
  title={Time lags in provision of habitat resources through revegetation},
  author={Vesk, Peter A and Nolan, Rachael and Thomson, James R and Dorrough, Josh W and Mac Nally, Ralph},
  journal={Biological Conservation},
  volume={141},
  pages={174--186},
  year={2008},
}

@article{Yokota2004b,
  title={Value of information analysis in environmental health risk management decisions: past, present, and future},
  author={Yokota, Fumie and Thompson, Kimberly M},
  journal={Risk analysis},
  volume={24},
  pages={635--650},
  year={2004}
}

@article{Genz1992,
  title={Numerical computation of multivariate normal probabilities},
  author={Genz, Alan},
  journal={Journal of computational and graphical statistics},
  volume={1},
  pages={141--149},
  year={1992}
}

@book{Raiffa1961,
	Address = {New York},
	Author = {Raiffa, H. and Schlaifer, R.},
	Publisher = {John Wiley \& Sons Inc.},
	Title = {
	Applied statistical decision theory},
	Year = {1961}
}

@Manual{R2017,
  title = {R: A Language and Environment for Statistical Computing},
  Author = {{R Core Team}},
  organization = {R Foundation for Statistical Computing},
  address = {Vienna, Austria},
  year = {2017},
  url = {https://www.R-project.org/},
}

@article{Bezanson2017,
  title={Julia: A fresh approach to numerical computing},
  author={Bezanson, Jeff and Edelman, Alan and Karpinski, Stefan and Shah, Viral B},
  year={2017},
  journal={SIAM Review},
  pages={65--98},
  volume = {59}
}